% Encoding: UTF-8

@Patent{Mcelroy2005,
  author = {Mcelroy and James and Gottmann and Matthias},
  date   = {2005-02-15},
  number = {6854688},
  title  = {Solid oxide regenerative fuel cell for airplane power generation and storage},
  month  = {2},
  year   = {2005},
}

@TechReport{whyatt2012,
  author      = {Whyatt, Greg A and Chick, Lawrence A},
  institution = {Pacific Northwest National Lab.(PNNL), Richland, WA (United States)},
  title       = {Electrical generation for more-electric aircraft using solid oxide fuel cells},
  year        = {2012},
}

@InProceedings{Acharya2016,
  author = {Rutvika Acharya},
  title  = {Investigation of Differences in Ansys Solvers CFX and Fluent},
  url    = {https://api.semanticscholar.org/CorpusID:49224988},
  year   = {2016},
}

@Thesis{杨振华2010,
  author      = {杨振华},
  date        = {2010},
  institution = {天津大学},
  title       = {热电偶不均匀性分析及实验测试方法研究},
  location    = {天津},
}

@Standard{GB/T1598-2010,
  address   = {北京},
  date      = {2010},
  publisher = {中国标准出版社},
  title     = {全国仪表功能材料标准化技术委员会. 铂铑10-铂热电偶丝、铂铑13-铂热电偶丝、铂铑30-铂铑6热电偶丝: GB/T 1598-2010},
}

@InBook{Okai2016,
  author    = {Okai, Keiichi and Himeno, Takehiro and Watanabe, Toshinori and Nomura, Hiroshi and Tagashira, Takeshi and Nishizawa, Akira},
  booktitle = {52nd AIAA/SAE/ASEE Joint Propulsion Conference},
  date      = {2016-07-22},
  title     = {Potential of Aircraft Electric Propulsion with SOFC/GT Hybrid Core},
  publisher = {American Institute of Aeronautics and Astronautics},
  day       = {22},
  month     = {7},
  year      = {2016},
}

@Book{王爱国2014,
  author    = {王爱国 and 姚道如},
  date      = {2014},
  title     = {汽车电控技术原理与检修},
  location  = {合肥},
  publisher = {中国科学技术大学出版社},
  address   = {合肥},
  year      = {2014},
}

@Article{Celik2018,
  author       = {Çelik, A N},
  date         = {2018},
  journaltitle = {International journal of hydrogen energy},
  title        = {Three-dimensional multiphysics model of a planar solid oxide fuel cell using computational fluid dynamics approach},
  number       = {42},
  pages        = {19730--19748},
  volume       = {43},
  journal      = {International journal of hydrogen energy},
}

@Article{Fu2021,
  author       = {Fu, Q and Li, Z and Wei, W and others},
  date         = {2021},
  journaltitle = {Energy Conversion and Management},
  title        = {Performance enhancement of a beam and slot interconnector for anode-supported SOFC stack},
  number       = {1},
  pages        = {114277},
  volume       = {241},
  journal      = {Energy Conversion and Management},
}

@Article{Chellehbari2021,
  author       = {Chellehbari, Y M and Adavi, K and Amin, J S and others},
  date         = {2021},
  journaltitle = {Energy Conversion and Management},
  title        = {A numerical simulation to effectively assess impacts of flow channels characteristics on solid oxide fuel cell performance},
  number       = {1},
  pages        = {114280},
  volume       = {244},
  journal      = {Energy Conversion and Management},
}

@Article{Yang2022,
  author       = {Yang, L and Fan, S and Liu, P and others},
  date         = {2022},
  journaltitle = {International Journal of Electrochemical Science},
  title        = {Effect of Gas Flow Configurations on the Performance of MOLB-type SOFC},
  number       = {5},
  pages        = {220538},
  volume       = {17},
  journal      = {International Journal of Electrochemical Science},
}

@Article{Sasi2024,
  author       = {Sarath Sasi and Christos Mourouzidis and David John Rajendran and Ioannis Roumeliotis and Vassilios Pachidis and Justin Norman},
  date         = {2024},
  journaltitle = {Energy Conversion and Management},
  title        = {Ammonia for civil aviation: A design and performance study for aircraft and turbofan engine},
  number       = {1},
  pages        = {118294},
  volume       = {307},
}

@Online{Chappell2021,
  author  = {Bill Chappell},
  date    = {2021-05-18},
  title   = {To Be Carbon-Neutral By 2050, No New Oil And Coal Projects, Report Says},
  url     = {https://www.npr.org/2021/05/18/997834721},
  urldate = {2024-05-01},
}

@Comment{jabref-meta: databaseType:biblatex;}
